<?xml version="1.0" encoding="UTF-8"?><collection xmlns="http://www.loc.gov/MARC21/slim"><record><leader>00434nam--2200133-i-4500</leader><controlfield tag="001">000004295</controlfield><controlfield tag="002">20161230</controlfield><controlfield tag="005">20161230201025</controlfield><controlfield tag="008">060222s1000------------r-----000-0-eng-d</controlfield><datafield ind1=" " ind2=" " tag="100"><subfield code="a">Bergstrom, Ingmar</subfield></datafield><datafield ind1=" " ind2=" " tag="245"><subfield code="a">The isomers of krypton and xenon. an investiga tion with electromagnetically separated radioa ctive isotopes</subfield></datafield><datafield ind1=" " ind2=" " tag="260"><subfield code="a">Stockholm, Almqvist &amp; Wiksells Boktryckeri, 1952 /104 P.</subfield></datafield><datafield ind1=" " ind2=" " tag="490"><subfield code="a">Arkiv For Hysik</subfield></datafield><datafield ind1=" " ind2=" " tag="852"><subfield code="a">5416</subfield></datafield></record></collection>